<?xml version="1.0" encoding="UTF-8"?><record xmlns="http://www.loc.gov/MARC21/slim" xmlns:cinclude="http://apache.org/cocoon/include/1.0" xmlns:zs="http://www.loc.gov/zing/srw/">
  <leader>00984nz  a2200157n  4500</leader>
  <controlfield tag="001">no2008153007</controlfield>
  <controlfield tag="003">DLC</controlfield>
  <controlfield tag="005">20081019080215.0</controlfield>
  <controlfield tag="008">080728n| acannaabn          |n aaa     c</controlfield>
  <datafield tag="010" ind1=" " ind2=" ">
    <subfield code="a">no2008153007</subfield>
  </datafield>
  <datafield tag="035" ind1=" " ind2=" ">
    <subfield code="a">(OCoLC)oca07910310</subfield>
  </datafield>
  <datafield tag="040" ind1=" " ind2=" ">
    <subfield code="a">MiEM</subfield>
    <subfield code="b">eng</subfield>
    <subfield code="c">MiEM</subfield>
  </datafield>
  <datafield tag="100" ind1="1" ind2=" ">
    <subfield code="a">Rothwell, Nikki</subfield>
    <subfield code="q">(Nikki Lynn),</subfield>
    <subfield code="d">1972-</subfield>
  </datafield>
  <datafield tag="670" ind1=" " ind2=" ">
    <subfield code="a">Black cutworms, 1997:</subfield>
    <subfield code="b">caption (Nikki Rothwell; Dept. of Entomology)</subfield>
  </datafield>
  <datafield tag="670" ind1=" " ind2=" ">
    <subfield code="a">Mich. State Univ. College of Agriculture and Natural Resources ANR Communications press release (Nov. 17, 2006), via WWW, July 28, 2008</subfield>
    <subfield code="b">(Nikki Rothwell has bee named district Extension horticulture educator and coordinator for the Northwest Michigan Horticultural Research Station, effective Jan. 1, 2007; received her bachelor's degree in biology from Western Mich. Univ., a master's degree from MSU and her doctorate from the Univ. of Mass.-Amherst)</subfield>
  </datafield>
  <datafield tag="670" ind1=" " ind2=" ">
    <subfield code="a">OCLC database, July 28, 2008</subfield>
    <subfield code="b">(hdgs.: Rothwell, Nikki L., 1972-; Rothwell, Nikki Lynn; usage: Nikki Lynn Rothwell)</subfield>
  </datafield>
</record>